<?xml version="1.0" encoding="UTF-8" ?><marc:collection xmlns:marc="http://www.loc.gov/MARC21/slim" xmlns:xsi="http://www.w3.org/2001/XMLSchema-instance" xsi:schemaLocation="http://www.loc.gov/MARC21/slim http://www.loc.gov/standards/marcxml/schema/MARC21slim.xsd">
<marc:record><marc:leader>01080ctm a2200217Ia 4500</marc:leader>
<marc:controlfield tag="001">002039166</marc:controlfield>
<marc:controlfield tag="005">20120106163704.0</marc:controlfield><marc:controlfield tag="008">951219s1945    ncu           000 0 eng d</marc:controlfield><marc:datafield tag="035" ind1=" " ind2=" "><marc:subfield code="a">33941262</marc:subfield></marc:datafield><marc:datafield tag="040" ind1=" " ind2=" "><marc:subfield code="a">NDK</marc:subfield><marc:subfield code="c">NDK</marc:subfield><marc:subfield code="d">OCLCQ</marc:subfield><marc:subfield code="d">OCLCG</marc:subfield><marc:subfield code="d">NDD</marc:subfield></marc:datafield><marc:datafield tag="049" ind1=" " ind2=" "><marc:subfield code="a">NDDP</marc:subfield></marc:datafield><marc:datafield tag="100" ind1="1" ind2=" "><marc:subfield code="a">Bumgarner, John R.</marc:subfield><marc:subfield code="q">(John Reed)</marc:subfield></marc:datafield><marc:datafield tag="245" ind1="1" ind2="0"><marc:subfield code="a">John Reed Bumgarner letter,</marc:subfield><marc:subfield code="f">1945, Nov. 24,</marc:subfield><marc:subfield code="b">Camp Butner, NC, to W.C. Davison.</marc:subfield></marc:datafield><marc:datafield tag="300" ind1=" " ind2=" "><marc:subfield code="a">1</marc:subfield><marc:subfield code="f">item.</marc:subfield></marc:datafield><marc:datafield tag="500" ind1=" " ind2=" "><marc:subfield code="a">Forms part of the History of Medicine Trent Manuscripts Collection.</marc:subfield></marc:datafield><marc:datafield tag="545" ind1=" " ind2=" "><marc:subfield code="a">North Carolina physician.</marc:subfield></marc:datafield><marc:datafield tag="520" ind1="8" ind2=" "><marc:subfield code="a">This typed transcript copy of a letter from Bumgarner to Davison, made for Mrs. Trent, was removed from the &quot;Bataan&quot; copy of Davison's &quot;Compleat Pediatrician&quot;, a volume in the Historical Collection, call number &quot;II Davison&quot;. The letter relates that Bumgarner made much use of the book during the WWII campaign in the Pacific.</marc:subfield></marc:datafield><marc:datafield tag="541" ind1=" " ind2=" "><marc:subfield code="a">Source unknown.</marc:subfield></marc:datafield><marc:datafield tag="600" ind1="1" ind2="0"><marc:subfield code="a">Bumgarner, John R.</marc:subfield><marc:subfield code="q">(John Reed)</marc:subfield></marc:datafield><marc:datafield tag="600" ind1="1" ind2="2"><marc:subfield code="a">Davison, Wilburt Cornell,</marc:subfield><marc:subfield code="d">1892-1972.</marc:subfield><marc:subfield code="t">Compleat pediatrician.</marc:subfield></marc:datafield><marc:datafield tag="710" ind1="2" ind2=" "><marc:subfield code="a">History of Medicine Collections (Duke University)</marc:subfield></marc:datafield></marc:record>
</marc:collection>
